<?xml version="1.0" encoding="UTF-8"?><collection xmlns="http://www.loc.gov/MARC21/slim"><record><leader>00518nam--2200181-i-4500</leader><controlfield tag="001">000030954</controlfield><controlfield tag="002">20161230</controlfield><controlfield tag="005">20161230201038</controlfield><controlfield tag="008">060222s1000------------r-----000-0-eng-d</controlfield><datafield ind1=" " ind2=" " tag="040"><subfield code="a">IFIN-HH</subfield></datafield><datafield ind1=" " ind2=" " tag="080"><subfield code="a">539.1</subfield></datafield><datafield ind1="1" ind2=" " tag="100"><subfield code="a">Livesey, Derek L</subfield></datafield><datafield ind1="1" ind2="0" tag="245"><subfield code="a">Atomic and nuclear physics</subfield><subfield code="c">Derek l. livesey</subfield></datafield><datafield ind1=" " ind2=" " tag="260"><subfield code="a">Waltham, Massachustts</subfield><subfield code="b">Blaisdell Publishing Company</subfield><subfield code="c">1966</subfield></datafield><datafield ind1=" " ind2=" " tag="300"><subfield code="a">XI+525P</subfield></datafield><datafield ind1=" " ind2=" " tag="490"><subfield code="a">A Blaisdell Book In The Pure And Applied Sciences</subfield></datafield><datafield ind1=" " ind2=" " tag="852"><subfield code="a">24434</subfield><subfield code="c">539</subfield></datafield><datafield ind1=" " ind2=" " tag="CAT"><subfield code="a">Sys</subfield><subfield code="c">20111003</subfield><subfield code="h">155729</subfield></datafield></record></collection>